2747 3383
338 768 591 839 Asservatur
615 800 661 846 xin
695 798 922 836 bibliotheca
949 797 1129 850 gymnasii
1156 796 1345 847 Bipontini
1381 794 1500 831 codex
1520 796 1792 847 manuscriptus
1811 797 2108 834 Tusculanarum
2129 797 2292 847 ‹lisputa-

336 865 485 902 tionuni
498 888 519 913 ,-
530 877 612 901 mea
632 863 784 914 quidem
801 864 985 900 sententia
1005 861 1356 913 praestantissimus,
1379 859 1442 896 sed
1456 860 1502 896 ad
1518 860 1604 897 libri
1618 870 1834 897 contextum
1848 862 1976 897 critice
1991 862 2296 898 constituendum

335 942 481 981 parum-
498 928 712 982 adhibitus.>
752 928 941 966 Ciceronis
975 940 1135 979 operum
1167 925 1326 970 editores
1357 925 1568 978 Bipontini,
1604 935 1646 963 ut
1670 926 1717 963 in.
1736 928 1868 976 cegpris
1886 928 1992 965 libris
2012 929 2063 964 ita
2084 941 2237 979 quoque
2260 930 2296 964 in

334 994 555 1032 Tusculanis
587 994 901 1045 disputationibus
935 992 1162 1032 excudendis
1193 993 1407 1043 Ernoetium
1437 994 1671 1049 potissimum
1699 996 1834 1041 secuti,
1877 998 2123 1046 inspexerunt
2146 996 2298 1045 quidem

337 1060 523 1111 codicem,
560 1059 664 1113 quod
694 1069 846 1114 apparet
876 1073 921 1098 ex
942 1060 1061 1107 notis,
1096 1058 1144 1096 cl.
1165 1054 1292 1097 Exteri
1311 1058 1424 1098 manu
1443 1054 1682 1104 Ernestianae
1701 1059 1873 1098 editionis
1892 1060 2063 1112 exemplo
2084 1059 2297 1112 adscriptis:

340 1140 436 1177 quae
473 1140 562 1165 vero
594 1128 642 1164 ab
673 1120 731 1164 lus
761 1126 924 1177 Ernestii
943 1126 1122 1162 lectiones
1140 1125 1356 1176 repudiatae
1375 1130 1476 1172 sunt,
1513 1139 1572 1163 eas
1591 1127 1707 1176 magis
1725 1125 1772 1162 ad
1792 1125 1901 1162 fidem
1919 1127 2071 1165 editoris
2091 1127 2298 1170 cuiusdam,

335 1193 552 1245 praesertim
571 1190 811 1241 Lallemandi,
833 1203 945 1244 quam
963 1188 1102 1229 codicis
1121 1190 1238 1229 nostri
1256 1190 1383 1231 habita
1403 1191 1549 1230 ratione
1565 1190 1761 1230 mutandas
1780 1188 2016 1229 censuerunt.

403 1260 522 1305 ·Quae
550 1272 638 1296 cum
665 1260 715 1294 ita
741 1259 835 1304 sint,
870 1270 1006 1307 operae
1024 1258 1188 1306 pretium
1205 1267 1266 1293 me
1284 1258 1476 1294 facturum
1496 1259 1645 1308 putavi,
1679 1259 1709 1292 si
1728 1257 1864 1293 codicis
1884 1259 2076 1306 Bipontini
2092 1260 2296 1306 scripturae

337 1296 568 1363 diversitate
569 1337 712 1363 summa
731 1336 819 1363 cum
836 1320 1027 1377 diligentia
1046 1331 1239 1377 excerpta,
1259 1323 1509 1373 minutissimo
1523 1322 1676 1376 quidem
1690 1336 1759 1361 nec
1774 1331 1898 1361 tamen
1914 1321 2040 1365 inutili
2054 1336 2140 1361 meo
2154 1322 2298 1368 labore,

334 1391 528 1446 praeclaro
557 1392 790 1443 antiquitatis
809 1400 1055 1433 monumento
1076 1391 1147 1438 rite
1166 1390 1402 1427 emendando
1424 1403 1495 1442 pro
1514 1391 1613 1427 virili
1632 1398 1736 1441 parte
1754 1389 2022 1425 consuluerim.
2077 1390 2153 1424 Jam
2188 1389 2299 1437 igitur

336 1451 435 1493 ha'nc
465 1457 628 1509 priorem
652 1469 826 1493 recensus
845 1456 1085 1507 particulam,
1123 1456 1330 1506 praemissis
1349 1455 1576 1506 quibusdam
1594 1455 1642 1493 de
1659 1455 1796 1492 codicis
1811 1455 1943 1491 habitu
1961 1454 2299 1497 observationibus

335 1521 535 1559 doctorum
556 1523 724 1560 virorum
743 1523 828 1560 usui
846 1531 960 1573 atque
974 1521 1120 1572 judicio
1137 1533 1329 1574 propono,
1349 1521 1590 1573 reliquorum·
1600 1520 1786 1561 librorum
1805 1519 2023 1557 varietatem
2039 1519 2112 1556 alio
2136 1528 2302 1577 tempore

335 1587 636 1636 perlustraturus.
1022 1621 1040 1637 ,

14 1659 22 1680 '¹
49 1700 52 1708 Ι
224 1662 229 1667 “
412 1653 635 1705 Estfautem
663 1653 784 1689 codex
815 1663 941 1689 noster
974 1654 1300 1698 membranaceus,
1327 1651 1519 1687 volumine
1550 1651 1717 1701 oblongo
1743 1652 1868 1701 potius
1887 1663 2000 1700 quam
2021 1649 2224 1700 quadrato,
2252 1650 2296 1684 ad

336 1709 495 1757 formam
510 1718 604 1765 fere,
620 1731 735 1768 quam
750 1727 923 1756 octavam
934 1718 1132 1754 maximam
1151 1716 1275 1753 dicere
1296 1716 1469 1753 solemus.
1524 1715 1778 1762 Membranae,
1799 1717 1908 1771 lactei
1927 1717 2076 1762 coloris,
2096 1717 2299 1761 tenuiores,

336 1793 379 1820 ut
399 1784 604 1833 plurimum
624 1784 857 1830 lectissimae,
887 1783 1082 1829 distinctae
1099 1792 1186 1819 sunt
1205 1784 1243 1818 in
1267 1777 1532 1831 quaterniones
1551 1782 1618 1828 ita,
1654 1791 1697 1818 ut
1723 1792 1925 1831 quaternae
1944 1784 2182 1819 membranae
2198 1797 2298 1818 com-

335 1857 464 1900 pactae
490 1838 658 1901 plagulas
686 1856 841 1895 octonas
875 1846 933 1884 vel
960 1846 1113 1899 paginas
1138 1859 1243 1884 senas
1268 1844 1381 1893 denas
1414 1844 1588 1883 efficiant.
1643 1846 1819 1898 Plagulae
1837 1847 2113 1900 longitudinem
2146 1849 2297 1901 explent

333 1914 541 1973 digitorum
557 1915 622 1965 8³,
638 1912 873 1951 latitudinem
888 1913 947 1959 6¹.
994 1912 1077 1960 Qui
1085 1908 1251 1949 codicem
1270 1912 1427 1966 scripsit,
1447 1912 1494 1949 ad
1508 1912 1648 1950 calcem
1663 1922 1809 1952 tantum
1829 1914 2013 1965 cuiusque
2032 1916 2298 1965 quaternioni<

259 2013 265 2024 x
307 1980 345 2004 7
336 1993 376 2016 ιιι
390 1980 467 2017 ιιιιο
481 1979 648 2030 margine
662 1979 815 2015 ultimae
828 1978 982 2029 paginae
992 2004 1003 2024 ,
1019 1977 1138 2028 prima
1150 1979 1340 2027 sequentis
1355 1969 1611 2028 quaternionis
1629 1978 1743 2015 verba
1763 1978 2298 2027 indicavit.Quaternionu1u

337 2036 517 2089 numerus
534 2045 649 2096 signis
676 2056 755 2081 non
774 2052 947 2091 notatur3
974 2044 1105 2080 insunt
1120 2042 1210 2091 164,
1238 2043 1409 2095 plagulae
1423 2057 1512 2081 vero
1535 2044 1650 2081 literis
1664 2045 1837 2096 impletae
1855 2040 1939 2091 131,
1958 2059 2117 2096 quarum
2137 2047 2298 2097 singulas

251 2122 253 2124 ·
300 2125 314 2156 ᾗ
335 2113 373 2147 ιιι
404 2112 530 2161 priore
555 2112 741 2160 cuiusque
768 2111 1068 2161 summaupagina
1095 2111 1283 2150 recentior
1310 2123 1443 2146 manus
1472 2111 1636 2146 numeris
1667 2111 1823 2146 arabicis
1853 2111 2031 2148 distinxit.

348 2218 350 2221 Ι
411 2176 588 2213 Continet
619 2175 740 2212 codex
771 2175 1069 2231 Tusculanarum
1087 2174 1381 2227 disputationum
1408 2176 1578 2227 quinque
1598 2175 1716 2213 libros
1734 2177 2005 2228 integerrimos.
2060 2178 2227 2229 Scriptus
2242 2189 2295 2215 est

298 2243 307 2247 ”
336 2252 439 2279 totus
466 2242 599 2278 eodem
633 2251 800 2292 tempore
833 2251 870 2278 et
902 2242 1031 2278 eadem
1058 2255 1193 2288 manu,
1213 2261 1216 2264 ·
1233 2242 1383 2279 indocta
1403 2243 1465 2279 illa
1486 2243 1638 2293 quidem
1666 2243 1730 2279 sed
1762 2243 1940 2294 diligente
1958 2253 2072 2293 atque
2092 2245 2297 2294 elegantiae

293 2338 296 2340 v
335 2299 611 2346 studiosissima.
666 2308 723 2346 De
750 2316 918 2359 tempore
939 2316 977 2362 et
1002 2307 1106 2355 loco,
1136 2320 1213 2359 quo
1241 2309 1400 2360 scriptus
1413 2308 1478 2357 sit,
1507 2321 1584 2346 non
1604 2309 1720 2360 magis
1733 2317 1899 2355 constat,
1927 2322 2041 2358 quam
2055 2308 2101 2346 de
2116 2310 2296 2361 scriptore

335 2383 401 2411 aut
426 2387 655 2425 possessore,
688 2361 858 2424 ‘quorum
888 2388 935 2410 ne
963 2375 1114 2411 nomina
1150 2374 1303 2425 quidem
1330 2375 1495 2418 indicata
1526 2384 1626 2412 sunt.
1681 2375 1877 2422 Quantum
1915 2384 2040 2412 tamen
2079 2377 2299 2412 coniectura

334 2441 481 2490 assequi
510 2440 617 2486 licet,
633 2444 636 2447 ’
650 2449 737 2476 ante
758 2441 949 2477 saeculum
968 2442 1058 2478 XIII
1085 2442 1281 2479 confectus
1297 2455 1375 2478 esse
1392 2441 1553 2479 videtur.
1605 2441 1896 2478 Emendatorem
1914 2442 2035 2478 codex
2056 2456 2133 2478 non
2152 2443 2295 2478 habuit.

334 2504 509 2544 Leviores
522 2503 715 2552 literarum
727 2515 793 2544 aut
806 2510 942 2546 v'ocum
959 2522 1106 2547 rasurae
1115 2537 1126 2558 ,
1144 2509 1278 2561 passim
1292 2509 1441 2557 obviae,
1456 2508 1503 2546 ab
1520 2509 1602 2560 ipso
1622 2508 1761 2547 codicis
1777 2509 1960 2561 scriptore
1975 2508 2093 2546 factae
2107 2508 2296 2546 videntur.

299 2616 303 2619 g
332 2573 550 2608 Cernuntur
564 2581 688 2608 mnen
701 2573 854 2623 vestigia
871 2573 1056 2623 quaedam
1074 2584 1207 2614 manus
1222 2575 1350 2627 paullo
1370 2577 1517 2613 serioris
1535 2571 1648 2625 (forte
1666 2576 1804 2613 saeculi
1822 2577 1939 2626 XIV),
1953 2589 2077 2626 quae
2066 2577 2298 2627 argumentis

334 2637 492 2688 margini
504 2636 696 2688 adscriptis
708 2646 789 2674 atro
803 2637 931 2675 colore
945 2638 1092 2677 addidit
1102 2653 1228 2677 voces:
1238 2641 1473 2691 philosophia
1498 2642 1578 2692 (fol.
1597 2643 1656 2692 18)
1682 2652 1720 2679 et
1725 2642 1984 2692 plzzlosopluae
1996 2643 2077 2678 laus
2105 2642 2296 2690 (sol.102J.

336 2695 510 2751 Denique
526 2702 613 2739 libri
630 2702 740 2753 primi
758 2691 939 2753 praefatio
959 2703 1121 2755 (Capp.1
1136 2727 1187 2734 —
1200 2705 1262 2756 V.)
1281 2705 1381 2742 haud
1402 2719 1537 2759 paucas
1557 2701 1746 2744 ostendit
1737 2708 2050 2758 interpunctionis
2064 2708 2296 2758 potissimum

335 2772 593 2818 mutationes,
611 2772 658 2807 ab
685 2772 756 2808 alia
787 2785 917 2819 manu,
934 2773 1086 2810 rudiore
1117 2784 1219 2811 certe
1238 2788 1280 2812 ac
1307 2775 1427 2811 multo
1445 2773 1655 2811 recentiore
1683 2758 1797 2822 (Saec.
1827 2773 1925 2809 forte
1955 2773 2033 2808 XV.
2038 2773 2064 2822 ),
2097 2773 2295 2823 profectas.

336 2837 475 2876 Eadem
494 2850 626 2885 manus
643 2837 878 2889 plagularum
893 2839 1024 2876 seriem
1039 2842 1203 2879 numeris
1224 2844 1379 2880 notavit.

1166 2909 1180 2917 ”
2054 2912 2071 2944 1
