2747 3383
0 1292 7 1371 amar*
0 1231 7 1281 2—-
0 1139 6 1223 w«.-

7 1680 13 1703 ..κ
0 1469 14 1663 «unwanus-
0 1398 10 1457 ,ωε-’-
2 1379 8 1392 »-

0 2646 19 2869 *ιᾶἇῖἐ;ιι;ὂ’·,3ω.,.
12 2618 15 2622 .
0 2581 14 2596 t
0 2432 17 2570 &esi-vm·
9 2383 17 2416 ψ-.

8 3025 11 3027 ·
0 2914 18 3012 μήδ’-’κη
0 2895 2 2897 ”

4 3179 23 3240 με...
4 3114 22 3160 Μ
12 3066 17 3077 .,
10 3043 19 3056 -.

317 666 422 694 XXII.

974 277 1559 387 ποθῶ

1966 413 1980 428 ἢ

843 448 946 483 Edit.
978 448 1089 484 Orell.
1709 449 1794 484 Cod.
1815 450 1962 497 Bspont.

258 507 333 548 cnp·
348 504 436 536 xx1,
482 499 614 540 548,ᾳαὶ
631 497 708 527 haec
725 496 787 527 sine
803 496 942 528 doctrina
1390 500 1592 539 oequoniam
1613 500 1661 537 (R.
1678 500 1757 530 Oax.
1775 500 1863 540 prob.
1878 500 1976 534 Bentl.
1988 501 2040 540 D.)

570 539 713 567 credituri
726 540 834 575 fuerint
1185 550 1187 552 ·
1391 540 1574 575 Nfuermzl
1590 543 1641 573 (R.
1657 541 1725 575 04)(
1758 543 1846 569 Rom.
1871 543 1958 579 1469)

496 584 545 617 49.
568 579 646 607 Plato
668 579 769 606 nullam
788 578 912 607 afferret
1396 592 1447 607 =
1466 579 1566 617 malfam
1579 580 1657 619 plato
1669 580 1832 619 (PABSEC
1840 582 1877 619 V)

506 620 554 650 50.
570 619 772 649 conformatio
1467 621 1658 649 confirmatio

568 661 599 689 in
618 660 740 688 homine
752 660 766 673 ¹*
778 660 833 687 vivo
843 657 893 695 (de
904 658 1001 687 Bentl.
1016 658 1094 687 coni.
1107 657 1145 686 D.
1165 656 1240 686 Lau.
1254 658 1310 688 W.
1327 660 1369 696 2.)
1407 674 1444 679 —
1467 671 1520 687 uno
1531 661 1653 698 (Ceteri)

567 700 599 730 in
620 707 789 740 conspectum
807 698 944 728 videatur
1466 708 1609 740 conspectu

505 744 554 775 51.
565 741 661 780 qualis
679 742 797 769 animus
814 742 842 768 in
861 751 968 780 corpore
981 741 1017 767 sie
1466 743 1500 768 sit
1516 744 1544 769 in
1562 753 1669 779 corpore

565 782 681 810 alienae
693 781 765 808 domi
1391 781 1559 811 Ndomui
1579 783 1626 817 (R.
1644 783 1710 810 Col.
1729 783 1808 811 Oax.
1824 782 1891 810 mC.
1913 782 1990 820 YM)

587 823 646 850 nasi
664 820 790 851 domum
804 832 890 851 suam
1466 829 1596 862 tanquam

578 863 727 891 iberatum
1466 863 1640 891 libertatum

496 904 543 934 52,
563 913 649 943 neque
664 914 730 942 ego,
745 903 793 930 tibi
809 902 885 930 haec
902 900 1004 930 dicens
1019 900 1080 940 (tibi
1095 900 1158 938 (R.)
1174 899 1204 929 b.
1222 900 1269 929 Al.
1286 899 1366 929 Cdd.
1467 913 1516 930 nec
1531 913 1586 942 ego
1604 903 1679 931 hacc
1695 903 1796 932 dicens
1810 904 1859 941 (—
1881 913 1942 933 om.
1966 904 2014 932 tibi
2029 903 2107 933 Otx.
2130 904 2171 941 V)

608 944 672 973 CD.
691 943 766 973 Lall.
786 943 843 973 W.
862 943 890 981 2)

566 984 649 1013 hunc
670 985 760 1024 igitur
776 995 852 1012 nosse
866 983 921 1012 nisi
1467 995 1547 1012 nosce

564 1032 772 1065 praeceptum,
791 1026 829 1052 sic
846 1031 875 1052 ut
888 1024 1016 1052 tributum
1030 1022 1081 1051 deo
1097 1023 1141 1051 sit.
1158 1021 1218 1057 (Μ.
1239 1021 1296 1058 W.
1318 1025 1369 1056 2.)
1407 1038 1443 1044 ·—
1466 1032 1665 1065 praeceptum
1692 1026 1838 1054 tributum
1858 1025 1875 1051 a
1900 1024 1969 1053 deo.
2014 1027 2055 1053 Sit
2071 1025 2119 1052 hoc
2138 1037 2164 1052 se
2182 1027 2268 1065 ipsum

970 1075 974 1079 *
1202 1060 1263 1091 Sed
1284 1062 1307 1091 si
1500 1061 1583 1106 pos&
1599 1078 1753 1106 agnoscere.
1799 1064 1856 1094 Sed
1874 1066 1896 1094 si
1912 1067 1959 1103 (R.
1977 1065 2006 1093 b.
2026 1065 2078 1094 sed
2099 1078 2267 1105 cognouere.

1507 1108 1577 1136 Om.
1589 1108 1639 1135 hoc
1651 1107 1842 1139 PABSECV,
1855 1107 1942 1146 Bipp.
1963 1117 2024 1138 0111.
2037 1110 2071 1135 sit
2086 1108 2148 1145 hoc)

496 1147 545 1178 53,
565 1145 628 1186 ipse
647 1146 765 1175 animus
784 1146 886 1173 nesciat
1407 1160 1444 1166 —-
1467 1147 1593 1175 *nesciet
1605 1148 1717 1185 (Gebh.
1732 1147 1832 1178 tacite.
1852 1147 1889 1175 D.
1911 1147 1986 1176 Lall.
2009 1152 2038 1181 ι)

563 1198 597 1215 ne
617 1187 730 1215 moveri
750 1184 874 1225 quidem
891 1183 944 1213 se?
1467 1198 1516 1215 nec

305 1235 415 1265 XXIII

308 2120 428 2150 XXIV.

307 2801 410 2832 XXV.

494 1431 545 1466 54.

563 1226 682 1256 vivendi
708 1227 800 1255 finem
823 1226 922 1253 habeat
946 1227 999 1259 (R.
1026 1225 1094 1255 Alii.
1119 1225 1181 1255 PD.
1212 1235 1237 1255 1.
1258 1223 1311 1255 W.
1338 1235 1366 1253 2.
1467 1228 1550 1256 habet

606 1266 725 1296 Ceteri:
750 1278 856 1306 quoque
871 1267 892 1295 f.
914 1266 1038 1304 haheat)

587 1306 649 1337 uod
666 1319 697 1337 se
716 1309 803 1348 ipsum
819 1313 920 1336 movet
1465 1310 1523 1348 ipse

564 1318 672 1378 cqlesinit
1465 1349 1542 1378 desit

564 1390 746 1429 principium
765 1396 808 1417 est
826 1387 949 1415 movendi
1466 1391 1579 1418 uiuendi

564 1429 640 1456 nulla
655 1440 688 1455 ex
707 1439 735 1455 re
752 1429 808 1456 alia
825 1428 908 1455 nasci
926 1433 1025 1466 potest
1465 1440 1502 1458 ex
1520 1441 1551 1458 re
1570 1430 1653 1458 nulla

563 1480 597 1498 ne
612 1468 722 1498 occidit
740 1467 864 1508 quidem
879 1477 1015 1507 unquam
1464 1482 1513 1498 nec

563 1520 620 1538 nec
646 1522 678 1537 ex
701 1520 732 1537 se
756 1508 838 1537 aliud
867 1509 979 1536 creabit
1003 1506 1099 1541 (Cdd.
1131 1507 1202 1545 aliq.
1228 1505 1365 1535 Macrob.
1404 1525 1442 1530 —
1464 1511 1500 1538 de
1519 1512 1604 1548 (Alfi)

607 1550 663 1578 Da.
683 1566 721 1570 -
739 1550 775 1577 R.
798 1558 859 1577 0111.
880 1558 913 1575 ez
932 1554 970 1570 —-‘
989 1546 1069 1576 Edd.
1089 1547 1118 1585 a)

564 1589 595 1620 id
613 1596 715 1620 autem
731 1601 787 1619 nec
800 1589 883 1619 nasci
897 1597 987 1629 potest
1458 1592 1562 1631 poterit

566 1641 626 1668 qua
647 1642 663 1657 α
680 1631 779 1668 primo
797 1630 927 1667 impulsa
944 1629 1094 1665 (Maeroh.
1113 1627 1203 1655 Multi
1216 1628 1247 1655 in
1260 1627 1363 1655 Somn.
1464 1641 1523 1668 qua
1539 1631 1636 1668 primo
1654 1631 1783 1670 impulsa
1799 1632 1847 1667 (R.
1859 1632 1890 1658 h.
1911 1631 1944 1658 P.
1965 1631 2000 1657 L.
2024 1640 2050 1657 1.
2067 1647 2103 1651 —
2116 1632 2202 1670 Bipp.
2217 1633 2270 1670 qui

1049 1667 1129 1710 Scip.
1148 1668 1201 1702 W.
1223 1677 1250 1697 2.
1969 1670 2097 1712 impulsu)

565 1719 723 1742 aeternum
740 1710 772 1739 id
785 1722 841 1738 esse
1465 1723 1521 1739 esse
1541 1711 1573 1739 id

565 1755 720 1780 Inanimum
741 1758 785 1780 est
803 1751 883 1779 enim
907 1761 997 1779 omne
1466 1755 1501 1779 In
1521 1754 1640 1780 animum

564 1792 650 1833 quod
666 1800 768 1822 autem
784 1791 888 1820 animal
902 1798 941 1819 ese
956 1790 1073 1830 (Somn.
1093 1788 1157 1828 Sc.)
1395 1799 1507 1821 :est
1529 1793 1640 1833 animal
1666 1793 1713 1832 (R.
1742 1793 1810 1823 Col.
1839 1794 1908 1824 mC.
1933 1793 2032 1824 Gebh.
2059 1795 2096 1823 D.
2131 1805 2154 1823 1.
2177 1793 2228 1824 W.
2249 1801 2266 1821 2

1506 1833 1572 1872 Bip.
1595 1842 1635 1862 est
1653 1835 1795 1872 animale.)

564 1871 644 1900 Nam
657 1872 733 1900 haec
751 1878 790 1898 est
806 1871 930 1910 propria
948 1876 1060 1899 natura
1099 1891 1102 1893 -
1465 1873 1544 1901 Nam
1562 1874 1638 1903 haec
1657 1875 1780 1914 propria
1802 1882 1863 1903 nat.

562 1922 641 1952 quae
659 1924 690 1942 sc
705 1915 765 1953 ipsa
779 1923 899 1952 semper
914 1918 1033 1941 moveat
1049 1909 1099 1949 (de
1110 1910 1367 1979 Begtlgsententia
1393 1915 1547 1953 =ipsam
1563 1915 1692 1952 (Priores
1698 1927 1709 1950 J

1173 1974 1180 1980 .
1220 1962 1236 1980 e
1283 1974 1289 1980 .

494 1991 542 2021 55.
559 1990 669 2032 plebeii
682 2001 786 2020 omnes
1237 1963 1278 1991 qq
1292 1953 1304 1989 )
1390 2008 1449 2023 =
1462 2003 1566 2022 omnes
1578 1992 1781 2034 plebei(Cdd.
1791 1994 1860 2034 aliq.
1877 1995 1912 2023 D.
1921 1993 2035 2033 plebeii)

562 2040 596 2060 ut
615 2033 678 2071 ipse
697 2042 833 2070 unquam
852 2043 869 2059 a
884 2042 914 2060 se
932 2031 1088 2060 deseratur
1462 2034 1498 2061 ab

562 2073 627 2112 Ego
642 2082 713 2101 vero
731 2072 818 2101 facile
831 2083 889 2100 sum
910 2082 1015 2113 passus
1386 2074 1475 2105 gv*
1496 2076 1544 2101 sim
1563 2075 1611 2112 (R.
1630 2075 1695 2104 Alii.
1711 2075 1764 2113 D.)

493 2112 542 2142 56.
559 2124 638 2151 quae
656 2112 797 2141 declarant
1461 2114 1584 2143 declarat

492 2153 543 2191 57.
559 2153 639 2181 Nam
652 2154 682 2181 in
699 2153 750 2179 illo
767 2153 835 2180 libro
1461 2154 1528 2181 libro
1545 2155 1592 2182 illo

561 2193 654 2223 Meno
673 2193 719 2232 (L.
740 2192 798 2223 W.
823 2194 856 2232 2)
1400 2211 1438 2217 —-
1460 2194 1474 2209 ¹*
1492 2205 1603 2224 menon
1621 2195 1663 2234 (b.
1688 2195 1825 2224 ABSED.
1846 2196 1874 2233 ι)

560 2234 810 2274 interrogationes
830 2240 901 2262 sunt
1460 2244 1530 2264 suut
1546 2237 1795 2274 interrogationes

562 2286 616 2316 quo
637 2277 659 2304 si
683 2275 865 2316 geometrica
886 2272 1037 2303 didicisset
1059 2273 1107 2312 (R.
1121 2272 1216 2343 hves).
1237 2272 1313 2302 Lall.
1337 2285 1359 2303 ι.
1460 2277 1545 2316 quasi
1564 2278 1807 2312 (PABSECVM.
1830 2275 1945 2314 Gebh.)

1196 2336 1205 2344 .
1220 2326 1234 2344 π

561 2357 661 2393 Quem
681 2356 783 2384 locum
803 2355 899 2383 multo
915 2356 994 2382 etiam
1011 2353 1181 2385 accuratius
1238 2316 1249 2353 >
1461 2359 1539 2386 etiam
1557 2358 1686 2396 (omiss.)

560 2407 597 2427 eo
613 2397 679 2436 ipso
695 2395 753 2433 die,
774 2407 827 2437 quo
840 2395 967 2426 excessit
1459 2399 1487 2427 in
1499 2409 1552 2439 quo

559 2438 686 2473 ἑννοίας
808 2441 811 2444 ’
1458 2440 1571 2468 emnias

491 2476 541 2508 58,
558 2474 650 2513 idque
668 2476 768 2503 solum
786 2486 843 2503 esse
1036 2481 1040 2483 ⁴
1458 2485 1498 2506 est

560 2514 651 2557 quale
667 2514 755 2547 ἰδέαν
774 2516 822 2555 (R.
838 2515 869 2545 b.
885 2514 942 2545 Alii
956 2516 1029 2555 etc.)
1457 2519 1547 2560 quale
1565 2517 1653 2548 idean

561 2559 627 2585 haec
642 2556 673 2583 in
687 2566 815 2594 corpore
829 2558 963 2585 inclusus
1459 2561 1508 2587 hoc
1528 2562 1662 2588 inclusus
1680 2560 1710 2587 in
1728 2569 1858 2600 corpore
1875 2562 1926 2597 (—-
1945 2561 2004 2590 hoc.
2025 2561 2195 2600 ABSECV)

559 2604 624 2627 tum
639 2598 761 2635 agnoscit
775 2596 825 2626 illa
1459 2603 1596 2639 cognoscit

489 2638 537 2678 59.
557 2650 611 2680 quo
628 2636 818 2666 meminimus
1459 2641 1535 2681 quod

487 2802 535 2831 60.

557 2687 611 2708 aut
630 2677 712 2706 unde
725 2686 816 2705 natam
835 2681 878 2711 (c.
900 2677 980 2707 Cdd.
998 2678 1069 2717 aliq.
1093 2679 1126 2708 L.
1146 2680 1184 2708 D.
1197 2679 1273 2709 Lall.
1290 2690 1315 2710 1.
1332 2681 1362 2718 ²)
1398 2697 1435 2703 ——
1457 2689 1567 2710 natura
1583 2681 1729 2721 (Gryphii
1744 2682 1801 2711 Cd.
1822 2683 1869 2719 P.)

558 2719 596 2750 de
614 2718 768 2747 communi
788 2718 924 2746 hominum
942 2719 1089 2748 memoria
1398 2739 1435 2744 —
1457 2724 1574 2751 omnium
1593 2724 1641 2761 (R.
1664 2723 1730 2752 mC.
1750 2724 1790 2752 V.
1809 2722 1907 2752 Gebh.
1921 2721 2013 2762 Lall.)

557 2767 717 2790 versantur
1457 2771 1598 2792 uersatur

556 2801 694 2837 Quorsus
715 2804 802 2835 (cum
819 2798 899 2828 Cdd.
917 2799 1007 2828 etiam
1022 2799 1053 2828 b.
1075 2799 1138 2830 PD.
1157 2799 1234 2830 [ΛΠ.
1253 2801 1308 2836 W.
1326 2805 1362 2839 2)
1387 2812 1444 2828 ε
1457 2814 1605 2842 quorsum
1622 2803 1746 2842 (Ceteri)

556 2848 676 2873 terrane
695 2841 753 2877 tibi,
769 2847 818 2870 aut
833 2840 882 2870 hoc
897 2839 1046 2872 nebuloso
1360 2862 1369 2873 s
1387 2845 1507 2878 <veihi
1529 2845 1578 2875 hoc
1595 2846 1647 2882 (R.
1661 2845 1714 2875 Gr.
1738 2843 1821 2875 Med.
1841 2844 1883 2880 D)

0 3241 615 3383 i
